<?xml version="1.0" encoding="UTF-8"?><collection xmlns="http://www.loc.gov/MARC21/slim"><record><leader>00471nam--2200157-i-4500</leader><controlfield tag="001">000014007</controlfield><controlfield tag="002">20161230</controlfield><controlfield tag="005">20170207234935</controlfield><controlfield tag="008">060222s1000------------r-----000-0-eng-d</controlfield><datafield ind1=" " ind2=" " tag="100"><subfield code="a">Iacobescu, Stefan</subfield></datafield><datafield ind1=" " ind2=" " tag="245"><subfield code="a">Dictionar de electrotehnica, electronica, telecomunicatii, automatica si cibernetica, englez-roman</subfield></datafield><datafield ind1=" " ind2=" " tag="260"><subfield code="a">Bucuresti</subfield><subfield code="b">Ed.Tehnica</subfield><subfield code="c">1981</subfield></datafield><datafield ind1=" " ind2=" " tag="300"><subfield code="a">989 p</subfield></datafield><datafield ind1=" " ind2=" " tag="700"><subfield code="a">Mateescu, Octavian</subfield></datafield><datafield ind1=" " ind2=" " tag="852"><subfield code="a">621.3(038)=20=590</subfield></datafield><datafield ind1=" " ind2=" " tag="CAT"><subfield code="a">SYS</subfield><subfield code="c">20170207</subfield><subfield code="h">234935</subfield></datafield></record></collection>